@inproceedings{sabe2004obstacle,
  title={Obstacle avoidance and path planning for humanoid robots using stereo vision},
  author={Sabe, Kohtaro and Fukuchi, Masaki and Gutmann, J-S and Ohashi, Takeshi and Kawamoto, Kenta and Yoshigahara, Takayuki},
  booktitle={IEEE International Conference on Robotics and Automation, 2004. Proceedings. ICRA'04. 2004},
  volume={1},
  pages={592--597},
  year={2004},
  organization={IEEE}
}

@online{ifr2023,
  author       = {International Federation of Robotics},
  title        = {China to invest 1 trillion yuan in robotics and high-tech industries},
  year         = {2023},
  url          = {https://ifr.org/ifr-press-releases/news/china-to-invest-1-trillion-yuan-in-robotics-and-high-tech-industries}
}

@online{actuia2025,
  author       = {Marie-Claude Benoit},
  title        = {Secondo uno studio della Bank of America, 3 miliardi di robot umanoidi saranno in servizio nel 2060},
  year         = {2025},
  url          = {https://www.actuia.com/it/news/secondo-uno-studio-della-bank-of-america-3-miliardi-di-robot-umanoidi-saranno-in-servizio-nel-2060/}
}

@report{bofa2025,
  author       = {{Bank of America Institute}},
  title        = {Humanoid Robots 101},
  year         = {2025},
  month        = {apr},
  institution  = {Bank of America Institute},
  url          = {https://institute.bankofamerica.com/content/dam/transformation/humanoid-robots.pdf}
}

@online{wikipediaRUR,
  author       = {{Wikipedia contributors}},
  title        = {R.U.R.},
  year         = {2025},
  url          = {https://it.wikipedia.org/wiki/R.U.R.},
  organization = {Wikipedia}
}

@online{wikipediaElektro,
  author       = {{Wikipedia contributors}},
  title        = {Elektro},
  year         = {2025},
  url          = {https://it.wikipedia.org/wiki/Elektro},
  organization = {Wikipedia}
}

@online{britannicaThreeLaws,
  author       = {{The Editors of Encyclopædia Britannica}},
  title        = {Three Laws of Robotics},
  year         = {2025},
  month        = apr,
  url          = {https://www.britannica.com/topic/Three-Laws-of-Robotics},
  organization = {Encyclopædia Britannica}
}

@online{wabotHistory,
  author       = {{Humanoid Robotics Institute, Waseda University}},
  title        = {Humanoid History - WABOT},
  year         = {2025},
  url          = {https://www.humanoid.waseda.ac.jp/booklet/kato_2.html}
}

@online{wikipediaAsimo,
  author       = {{Wikipedia contributors}},
  title        = {ASIMO},
  year         = {2025},
  url          = {https://it.wikipedia.org/wiki/ASIMO},
  organization = {Wikipedia}
}

@online{pepperSoftbank2025,
  author       = {{SoftBank Robotics America}},
  title        = {Meet Pepper: The Robot Built for People},
  year         = {2025},
  url          = {https://us.softbankrobotics.com/pepper}
}

@online{sophiaHanson2025,
  author       = {{Hanson Robotics}},
  title        = {Sophia},
  year         = {2025}
}

@report{mckinsey2021futurework,
  author       = {Susan Lund and Anu Madgavkar and James Manyika and Sven Smit and Kweilin Ellingrud and Mary Meaney and Olivia Robinson},
  title        = {The Future of Work after COVID-19},
  institution  = {McKinsey Global Institute},
  year         = {2021},
  month        = feb,
  url          = {https://www.mckinsey.com/~/media/mckinsey/featured%20insights/future%20of%20organizations/the%20future%20of%20work%20after%20covid%2019/the-future-of-work-after-covid-19-report-vf.pdf}
}

@online{goldman2024humanoids,
  author       = {{Goldman Sachs}},
  title        = {The global market for humanoid robots could reach \$38 billion by 2035},
  year         = {2024},
  month        = jan,
  url          = {https://www.goldmansachs.com/insights/articles/the-global-market-for-robots-could-reach-38-billion-by-2035}
}

@manual{unitreeManual2025,
  title        = {G1 User Manual},
  author       = {{Unitree Robotics}},
  year         = {2025},
  note         = {Manuale utente del robot Unitree, versione V1.2},
  organization = {Unitree Robotics}
}

@online{nvidiaIsaacSim2025,
  author       = {{NVIDIA Corporation}},
  title        = {Isaac Sim Documentation},
  year         = {2025},
  url          = {https://docs.isaacsim.omniverse.nvidia.com/latest/index.html}
}

@online{nvidiaIsaacLab2025,
  author       = {{NVIDIA Corporation}},
  title        = {Isaac Lab},
  year         = {2025},
  url          = {https://docs.isaacsim.omniverse.nvidia.com/latest/isaac_lab_tutorials/index.html}
}

@article{neupane2024security,
  title={Security considerations in ai-robotics: A survey of current methods, challenges, and opportunities},
  author={Neupane, Subash and Mitra, Shaswata and Fernandez, Ivan A and Saha, Swayamjit and Mittal, Sudip and Chen, Jingdao and Pillai, Nisha and Rahimi, Shahram},
  journal={IEEE Access},
  volume={12},
  pages={22072--22097},
  year={2024},
  publisher={IEEE}
}

@incollection{avizzano2005robotica,
  title={La Robotica},
  author={Avizzano, Carlo Alberto and others},
  booktitle={Pianeta Galileo},
  volume={2005},
  pages={285--299},
  year={2005},
  publisher={Regione Toscana}
}

@inproceedings{xie2020review,
  title={A review: Robust locomotion for biped humanoid robots},
  author={Xie, Ye and Lou, Bin and Xie, Anhuan and Zhang, Dan},
  booktitle={Journal of Physics: Conference Series},
  volume={1487},
  number={1},
  pages={012048},
  year={2020},
  organization={IOP Publishing}
}

@inproceedings{wong2007design,
  title={Design and implementation of humanoid robot for obstacle avoidance},
  author={Wong, Ching-Chang and Cheng, Chi-Tai and Huang, Kai-Hsiang and Yang, Yu-Ting},
  booktitle={FIRA Robot World Congress},
  year={2007}
}

@inproceedings{hamze2024learning,
  title={Learning Bipedal Walking for Humanoid Robots in Challenging Environments with Obstacle Avoidance},
  author={Hamze, Marwan and Morisawa, Mitsuharu and Yoshida, Eiichi},
  booktitle={The Proceedings of JSME annual Conference on Robotics and Mechatronics (Robomec) 2024},
  pages={2P1--L07},
  year={2024},
  organization={The Japan Society of Mechanical Engineers}
}

@online{morganstanley2025humanoids,
  author       = {{Morgan Stanley}},
  title        = {Humanoid Robot Market Expected to Reach \$5 Trillion by 2050},
  year         = {2025},
  month        = may,
  url          = {https://www.morganstanley.com/insights/articles/humanoid-robot-market-5-trillion-by-2050}
}

@inproceedings{wenzel2021vision,
  title={Vision-based mobile robotics obstacle avoidance with deep reinforcement learning},
  author={Wenzel, Patrick and Sch{\"o}n, Torsten and Leal-Taix{\'e}, Laura and Cremers, Daniel},
  booktitle={2021 IEEE international conference on robotics and automation (ICRA)},
  pages={14360--14366},
  year={2021},
  organization={IEEE}
}

@article{holgadoalvarez2025dynamicobstacleavoidancebounded,
    author = {Jose-Luis Holgado-Alvarez and Aryaman Reddi and Carlo D'Eramo},
    title = {Dynamic Obstacle Avoidance with Bounded Rationality Adversarial Reinforcement Learning},
    journal = {arXiv preprint arXiv:2503.11467},
    year = {2025}
}

@book{sutton2018reinforcement,
  author    = {Richard S. Sutton and Andrew G. Barto},
  title     = {Reinforcement Learning: An Introduction},
  year      = {2018},
  edition   = {2},
  publisher = {The MIT Press},
  address   = {Cambridge, MA},
  isbn      = {978-0262039246},
  url       = {https://web.stanford.edu/class/psych209/Readings/SuttonBartoIPRLBook2ndEd.pdf},
  note      = {Second Edition}
}

@article{escontrela2020zero,
  title={Zero-shot terrain generalization for visual locomotion policies},
  author={Escontrela, Alejandro and Yu, George and Xu, Peng and Iscen, Atil and Tan, Jie},
  journal={arXiv preprint arXiv:2011.05513},
  year={2020}
}

@incollection{mccloskey1989catastrophic,
  title={Catastrophic interference in connectionist networks: The sequential learning problem},
  author={McCloskey, Michael and Cohen, Neal J},
  booktitle={Psychology of learning and motivation},
  volume={24},
  pages={109--165},
  year={1989},
  publisher={Elsevier}
}

@inproceedings{silver2014deterministic,
  title={Deterministic policy gradient algorithms},
  author={Silver, David and Lever, Guy and Heess, Nicolas and Degris, Thomas and Wierstra, Daan and Riedmiller, Martin},
  booktitle={International conference on machine learning},
  pages={387--395},
  year={2014},
  organization={Pmlr}
}

@article{williams1992simple,
  title={Simple statistical gradient-following algorithms for connectionist reinforcement learning},
  author={Williams, Ronald J},
  journal={Machine learning},
  volume={8},
  pages={229--256},
  year={1992},
  publisher={Springer}
}

@book{sutton1984temporal,
  title={Temporal credit assignment in reinforcement learning},
  author={Sutton, Richard Stuart},
  year={1984},
  publisher={University of Massachusetts Amherst}
}

@article{wang2022ippo,
  title={IPPO: Obstacle Avoidance for Robotic Manipulators in Joint Space via Improved Proximal Policy Optimization},
  author={Wang, Yongliang and Kasaei, Hamidreza},
  journal={arXiv preprint arXiv:2210.00803},
  year={2022}
}

@inproceedings{nakhleh2023sacplanner,
  title={Sacplanner: Real-world collision avoidance with a soft actor critic local planner and polar state representations},
  author={Nakhleh, Khaled and Raza, Minahil and Tang, Mack and Andrews, Matthew and Boney, Rinu and Had{\v{z}}i{\'c}, Ilija and Lee, Jeongran and Mohajeri, Atefeh and Palyutina, Karina},
  booktitle={2023 IEEE International Conference on Robotics and Automation (ICRA)},
  pages={9464--9470},
  year={2023},
  organization={IEEE}
}

@article{li2024path,
  title={Path planning of mobile robot based on improved TD3 algorithm in dynamic environment},
  author={Li, Peng and Chen, Donghui and Wang, Yuchen and Zhang, Lanyong and Zhao, Shiquan},
  journal={Heliyon},
  volume={10},
  number={11},
  year={2024},
  publisher={Elsevier}
}

@article{wan2025empirical,
  title={An Empirical Study of Deep Reinforcement Learning in Continuing Tasks},
  author={Wan, Yi and Korenkevych, Dmytro and Zhu, Zheqing},
  journal={arXiv preprint arXiv:2501.06937},
  year={2025}
}

@article{schulman2017proximal,
  title={Proximal policy optimization algorithms},
  author={Schulman, John and Wolski, Filip and Dhariwal, Prafulla and Radford, Alec and Klimov, Oleg},
  journal={arXiv preprint arXiv:1707.06347},
  year={2017}
}

@inproceedings{haarnoja2018soft,
  title={Soft actor-critic: Off-policy maximum entropy deep reinforcement learning with a stochastic actor},
  author={Haarnoja, Tuomas and Zhou, Aurick and Abbeel, Pieter and Levine, Sergey},
  booktitle={International conference on machine learning},
  pages={1861--1870},
  year={2018},
  organization={Pmlr}
}

@article{lillicrap2015continuous,
  title={Continuous control with deep reinforcement learning},
  author={Lillicrap, Timothy P and Hunt, Jonathan J and Pritzel, Alexander and Heess, Nicolas and Erez, Tom and Tassa, Yuval and Silver, David and Wierstra, Daan},
  journal={arXiv preprint arXiv:1509.02971},
  year={2015}
}

@online{openaiSAC2023,
  author       = {{OpenAI}},
  title        = {Soft Actor-Critic — Spinning Up Documentation},
  year         = {2023},
  url          = {https://spinningup.openai.com/en/latest/algorithms/sac.html#quick-facts}
}

@book{siegwart2011introduction,
  author    = {Roland Siegwart and Illah Reza Nourbakhsh and Davide Scaramuzza},
  title     = {Introduction to Autonomous Mobile Robots},
  year      = {2011},
  edition   = {2},
  publisher = {The MIT Press},
  address   = {Cambridge, MA},
  isbn      = {978-0262015356},
  url       = {https://mitpress.mit.edu/9780262015356/},
  note      = {Second Edition}
}

@inproceedings{choudhury2020design,
  title={Design and implementation of autonomous rover for wildfire extinguishing},
  author={Choudhury, Shubham and Sawant, Sahil and Bidwalkar, Laukik and Marathe, Mayuresh and Das, Siuli},
  booktitle={2020 IEEE International Conference for Innovation in Technology (INOCON)},
  pages={1--6},
  year={2020},
  organization={IEEE}
}

@book{BenantiMaffettone2024,
  author    = {Benanti, Paolo and Maffettone, Sebastiano},
  title     = {Noi e la macchina},
  year      = {2024},
  publisher = {LUISS University Press},
  edition   = {1}
}

@book{Zuboff2019,
  author    = {Zuboff, Shoshana},
  title     = {The Age of Surveillance Capitalism: The Fight for a Human Future at the New Frontier of Power},
  year      = {2019},
  publisher = {PublicAffairs},
  edition   = {1}
}

@article{xia2024deep,
  title={Deep reinforcement learning based proactive dynamic obstacle avoidance for safe human-robot collaboration},
  author={Xia, Wanqing and Lu, Yuqian and Xu, Weiliang and Xu, Xun},
  journal={Manufacturing Letters},
  volume={41},
  pages={1246--1256},
  year={2024},
  publisher={Elsevier}
}

@article{mnih2013playing,
  title={Playing atari with deep reinforcement learning},
  author={Mnih, Volodymyr and Kavukcuoglu, Koray and Silver, David and Graves, Alex and Antonoglou, Ioannis and Wierstra, Daan and Riedmiller, Martin},
  journal={arXiv preprint arXiv:1312.5602},
  year={2013}
}

@inproceedings{smart2023balappan,
author = {Balappan, Praba and Sr, Priyavarshini and Venkatesh, Nivedhitha and Aarthiashokan, and Rajakumari,},
year = {2023},
month = {05},
pages = {},
title = {Smart Shoe for Visually Impaired},
volume = {11},
journal = {International Journal for Research in Applied Science and Engineering Technology},
doi = {10.22214/ijraset.2023.51851}
}

@online{rosi2025vea,
  author       = {Fabio Rosi},
  title        = {Machine Learning e Deep Learning nei sistemi di visione artificiale},
  year         = {2025},
  url          = {https://vea.it/machine-learning-deep-learning-sistemi-di-visione-artificiale/}
}